@electronic{bibtex_howto,
author  =   {Michael Shell},
month   =   {12},
year    =   {2020},
title   =   {{How to Use the IEEEtran BIBTEX Style}},
organization    =   {Institute of Electrical and Electronics Engineers},
url     =   {ftp://tug.ctan.org/pub/tex-archive/macros/latex/contrib/IEEEtran/bibtex/IEEEtran_bst_HOWTO.pdf},
}

@electronic{circuitikz_howto,
author  =   {Massimo A. Redaelli and Stefan Lindner and Stefan Erhardt and Romano Giannetti},
month   =   {11},
year    =   {2019},
title   =   {{CircuiTikZ}},
url     =   {http://texdoc.net/texmf-dist/doc/latex/circuitikz/circuitikzmanual.pdf},
}

@electronic{tikz_howto,
author  =   {Till Tantau},
month   =   {06},
year    =   {2007},
title   =   {{TikZ and PGF}},
organization    =   {University of Luebeck},
url     =   {https://www.bu.edu/math/files/2013/08/tikzpgfmanual.pdf},
}

@INPROCEEDINGS{quitevis_ambatali,
author={C. P. {Quitevis} and C. D. {Ambatali}},
booktitle={2018 IEEE Global Humanitarian Technology Conference (GHTC)},
title={Feasibility of an Amateur Radio Transmitter Implementation Using Raspberry Pi for a Low Cost and Portable Emergency Communications Device},
year={2018},
volume={},
number={},
pages={1-6},
keywords={cellular radio;disasters;radio equipment;radio transmitters;robust communication system;cellular systems;rescue operations;cellular phones;emergency response teams;local government units;cellular service;volcano eruptions;earthquakes;natural calamities;disaster-prone country;Philippines;portable emergency communications device;handheld amateur radio;APRS message;amateur radio equipment;Automatic Packet Reporting System broadcast;RPi;Raspberry Pi;Frequency modulation;Economic indicators;Sociology;Statistics;Harmonic analysis;Tropical cyclones;disaster communication;amateur radio;automatic packet reporting system;raspberry pi},
doi={10.1109/GHTC.2018.8601888},
ISSN={2377-6919},
month={Oct},}